@book{enonce,
    author    = "Tom Mens and MaÃ«lick Claes",
    title     = "Projet de Software Evolution",
    year      = "Jan 2015",
    publisher = "UMONS"
}

@book{cours,
    author    = "Tom Mens",
    title     = "Cours de Software Evolution",
    year      = "2014 - 2015",
    publisher = "UMONS"
}
	